<?xml version="1.0" encoding="UTF-8"?><record xmlns="http://www.loc.gov/MARC21/slim" xmlns:cinclude="http://apache.org/cocoon/include/1.0" xmlns:zs="http://www.loc.gov/zing/srw/">
  <leader>01027cz  a2200169n  4500</leader>
  <controlfield tag="001">n  84114990 </controlfield>
  <controlfield tag="003">DLC</controlfield>
  <controlfield tag="005">20081123080831.0</controlfield>
  <controlfield tag="008">840614n| acannaabn          |a ana      </controlfield>
  <datafield tag="010" ind1=" " ind2=" ">
    <subfield code="a">n  84114990 </subfield>
  </datafield>
  <datafield tag="035" ind1=" " ind2=" ">
    <subfield code="a">(OCoLC)oca01126699</subfield>
  </datafield>
  <datafield tag="040" ind1=" " ind2=" ">
    <subfield code="a">DLC</subfield>
    <subfield code="b">eng</subfield>
    <subfield code="c">DLC</subfield>
    <subfield code="d">DLC</subfield>
    <subfield code="d">OCoLC</subfield>
  </datafield>
  <datafield tag="110" ind1="1" ind2=" ">
    <subfield code="a">France.</subfield>
    <subfield code="b">Commission de l'agriculture &amp; des industries agricoles &amp; alimentaires</subfield>
  </datafield>
  <datafield tag="410" ind1="1" ind2=" ">
    <subfield code="a">France.</subfield>
    <subfield code="b">Commission de l'agriculture et des industries agricoles et alimentaires</subfield>
  </datafield>
  <datafield tag="410" ind1="1" ind2=" ">
    <subfield code="a">France.</subfield>
    <subfield code="b">Commissariat général du plan.</subfield>
    <subfield code="b">Commission de l'agriculture &amp; des industries agricoles &amp; alimentaires</subfield>
  </datafield>
  <datafield tag="410" ind1="1" ind2=" ">
    <subfield code="a">France.</subfield>
    <subfield code="b">Agriculture &amp; des industrie agricoles &amp; alimentaires, Commission de l'</subfield>
  </datafield>
  <datafield tag="670" ind1=" " ind2=" ">
    <subfield code="a">Its Agriculture, industries agricoles et alimentaires, c1980:</subfield>
    <subfield code="b">p. 3 (Commission de l'agriculture &amp; des industries agricoles &amp; alimentaires; fondée pour la préparation du VIIIe plan; convened Oct. 1979-July 1980) cover (Commissariat général du plan) p. 153 (Commission de l'agriculture et des industries agricoles et alimentaires)</subfield>
  </datafield>
</record>